@inproceedings{Platypus,
  title = {{PLATYPUS: Software-based Power Side-Channel Attacks on x86}},
  author = {Lipp, Moritz and Kogler, Andreas and Oswald, David and Schwarz,
            Michael and Easdon, Catherine and Canella, Claudio and Gruss, Daniel},
  booktitle={2021 IEEE Symposium on Security and Privacy (SP)},
  year = {2021},
  organization={IEEE}
}

@manual{intel_manual,
  author        = {},
  title         = {IntelÂ® 64 and IA-32 Architectures Software Developer's Manual Volume 3B: System Programming Guide, Part 2},
  organization  = {Intel},
  year          = {2016}
}
